<?xml version="1.0" encoding="UTF-8"?><record xmlns="http://www.loc.gov/MARC21/slim" xmlns:cinclude="http://apache.org/cocoon/include/1.0" xmlns:zs="http://www.loc.gov/zing/srw/">
  <leader>00532cz  a2200157n  4500</leader>
  <controlfield tag="001">n 2002049240</controlfield>
  <controlfield tag="003">DLC</controlfield>
  <controlfield tag="005">20080224074939.0</controlfield>
  <controlfield tag="008">021216n| acannaabn          |a aaa      </controlfield>
  <datafield tag="010" ind1=" " ind2=" ">
    <subfield code="a">n 2002049240</subfield>
  </datafield>
  <datafield tag="035" ind1=" " ind2=" ">
    <subfield code="a">(Uk)003850296</subfield>
  </datafield>
  <datafield tag="040" ind1=" " ind2=" ">
    <subfield code="a">DLC</subfield>
    <subfield code="b">eng</subfield>
    <subfield code="c">DLC</subfield>
    <subfield code="d">Uk</subfield>
  </datafield>
  <datafield tag="100" ind1="1" ind2=" ">
    <subfield code="a">Corneliszoon, Cornelis</subfield>
  </datafield>
  <datafield tag="400" ind1="0" ind2=" ">
    <subfield code="a">Cornelis Corneliszoon</subfield>
  </datafield>
  <datafield tag="670" ind1=" " ind2=" ">
    <subfield code="a">Cornelis Corneliszoon van Uitgeest, c2002:</subfield>
    <subfield code="b">t.p. (Cornelis Corneliszoon)</subfield>
  </datafield>
  <datafield tag="670" ind1=" " ind2=" ">
    <subfield code="a">Wikipedia, 22 Feb. 2008</subfield>
    <subfield code="b">(Cornelis Corneliszoon (ca. 1550 - ca. 1600-1607) was the inventor of the sawmill)</subfield>
  </datafield>
</record>